@article{hummel2013fundamental,
  title={Fundamental models for forecasting elections},
  author={Hummel, Patrick and Rothschild, David},
  journal={ResearchDMR. com/HummelRothschild\_FundamentalModel},
  year={2013}
}
@article{hummel2014fundamental,
  title={Fundamental models for forecasting elections at the state level},
  author={Hummel, Patrick and Rothschild, David},
  journal={Electoral Studies},
  volume={35},
  pages={123--139},
  year={2014},
  publisher={Elsevier}
}
@misc{radha2019stochastic,
    title={Stochastic differential theory of cricket},
    author={Santosh Kumar Radha},
    year={2019},
    eprint={1908.07372},
    archivePrefix={arXiv},
    primaryClass={physics.soc-ph}
}
@article{lauderdale2015under,
  title={Under-performing, over-performing, or just performing? The limitations of fundamentals-based presidential election forecasting},
  author={Lauderdale, Benjamin E and Linzer, Drew},
  journal={International Journal of Forecasting},
  volume={31},
  number={3},
  pages={965--979},
  year={2015},
  publisher={Elsevier}
}
@article{klarner2008forecasting,
  title={Forecasting the 2008 us house, senate and presidential elections at the district and state level},
  author={Klarner, Carl},
  journal={PS: Political Science and Politics},
  volume={41},
  number={4},
  pages={723--728},
  year={2008},
  publisher={JSTOR}
}
@article{brody2018model,
  title={How to model fake news},
  author={Brody, Dorje C and Meier, David M},
  journal={arXiv preprint arXiv:1809.00964},
  year={2018}
}
@article{bottcher2018clout,
  title={Clout, activists and budget: The road to presidency},
  author={B{\"o}ttcher, Lucas and Herrmann, Hans J and Gersbach, Hans},
  journal={PloS one},
  volume={13},
  number={3},
  pages={e0193199},
  year={2018},
  publisher={Public Library of Science San Francisco, CA USA}
}
@article{braha2017voting,
  title={Voting contagion: Modeling and analysis of a century of US presidential elections},
  author={Braha, Dan and De Aguiar, Marcus AM},
  journal={PloS one},
  volume={12},
  number={5},
  pages={e0177970},
  year={2017},
  publisher={Public Library of Science San Francisco, CA USA}
}
@article{fernandez2014voter,
  title={Is the voter model a model for voters?},
  author={Fern{\'a}ndez-Gracia, Juan and Suchecki, Krzysztof and Ramasco, Jos{\'e} J and San Miguel, Maxi and Egu{\'\i}luz, V{\'\i}ctor M},
  journal={Physical review letters},
  volume={112},
  number={15},
  pages={158701},
  year={2014},
  publisher={APS}
}
@article{galam2004dynamics,
  title={The dynamics of minority opinions in democratic debate},
  author={Galam, Serge},
  journal={Physica A: Statistical Mechanics and its Applications},
  volume={336},
  number={1-2},
  pages={56--62},
  year={2004},
  publisher={Elsevier}
}
@article{linzer2013dynamic,
  title={Dynamic Bayesian forecasting of presidential elections in the states},
  author={Linzer, Drew A},
  journal={Journal of the American Statistical Association},
  volume={108},
  number={501},
  pages={124--134},
  year={2013},
  publisher={Taylor \& Francis}
}
@article{gayo2012no,
  title={No, you cannot predict elections with Twitter},
  author={Gayo-Avello, Daniel},
  journal={IEEE Internet Computing},
  volume={16},
  number={6},
  pages={91--94},
  year={2012},
  publisher={IEEE}
}
@article{fenner2018stochastic,
  title={A stochastic differential equation approach to the analysis of the UK 2016 EU referendum polls},
  author={Fenner, Trevor and Levene, Mark and Loizou, George},
  journal={Journal of Physics Communications},
  volume={2},
  number={5},
  pages={055022},
  year={2018},
  publisher={IOP Publishing}
}
@article{berg2008results,
  title={Results from a dozen years of election futures markets research},
  author={Berg, Joyce and Forsythe, Robert and Nelson, Forrest and Rietz, Thomas},
  journal={Handbook of experimental economics results},
  volume={1},
  pages={742--751},
  year={2008},
  publisher={Elsevier}
}
@incollection{protter2005stochastic,
  title={Stochastic differential equations},
  author={Protter, Philip E},
  booktitle={Stochastic integration and differential equations},
  pages={249--361},
  year={2005},
  publisher={Springer}
}
@article{PhysRev.36.823,
  title = {On the Theory of the Brownian Motion},
  author = {Uhlenbeck, G. E. and Ornstein, L. S.},
  journal = {Phys. Rev.},
  volume = {36},
  issue = {5},
  pages = {823--841},
  numpages = {0},
  year = {1930},
  month = {Sep},
  publisher = {American Physical Society},
  doi = {10.1103/PhysRev.36.823},
  url = {https://link.aps.org/doi/10.1103/PhysRev.36.823}
}
@book{dixit1994investment,
  title={Investment under uncertainty},
  author={Dixit, Avinash K and Dixit, Robert K and Pindyck, Robert S},
  year={1994},
  publisher={Princeton university press}
}
@article{hellinger1909neue,
  title={Neue begr{\"u}ndung der theorie quadratischer formen von unendlichvielen ver{\"a}nderlichen.},
  author={Hellinger, Ernst},
  journal={Journal f{\"u}r die reine und angewandte Mathematik (Crelles Journal)},
  volume={1909},
  number={136},
  pages={210--271},
  year={1909},
  publisher={De Gruyter}
}
@article{vatiwutipong2019alternative,
  title={Alternative way to derive the distribution of the multivariate Ornstein--Uhlenbeck process},
  author={Vatiwutipong, P and Phewchean, N},
  journal={Advances in Difference Equations},
  volume={2019},
  number={1},
  pages={1--7},
  year={2019},
  publisher={SpringerOpen}
}