@FOOTNOTE{Note1,key="Note1",note="Time to start the election is the same as time till the election after announcing candidacy"}
@CONTROL{REVTEX42Control}
@CONTROL{apsrev42Control,author="08",editor="1",pages="0",title="0",year="1"}
